@article{gormsen2020coronavirus,
  title={Coronavirus: Impact on stock prices and growth expectations},
  author={Gormsen, Niels Joachim and Koijen, Ralph SJ},
  journal={The Review of Asset Pricing Studies},
  volume={10},
  number={4},
  pages={574--597},
  year={2020},
  publisher={Oxford University Press}
}

@article{van2013equity,
  title={Equity yields},
  author={Van Binsbergen, Jules and Hueskes, Wouter and Koijen, Ralph and Vrugt, Evert},
  journal={Journal of Financial Economics},
  volume={110},
  number={3},
  pages={503--519},
  year={2013},
  publisher={Elsevier}
}